<?xml version="1.0" encoding="UTF-8"?><collection xmlns="http://www.loc.gov/MARC21/slim"><record><leader>00397nam--2200133-i-4500</leader><controlfield tag="001">000001855</controlfield><controlfield tag="002">20161230</controlfield><controlfield tag="005">20161230201024</controlfield><controlfield tag="008">060222s1000------------r-----000-0-eng-d</controlfield><datafield ind1=" " ind2=" " tag="080"><subfield code="a">537.222.22:621.382:621.315.592</subfield></datafield><datafield ind1=" " ind2=" " tag="100"><subfield code="a">Frank, H., Snejdar, V</subfield></datafield><datafield ind1=" " ind2=" " tag="245"><subfield code="a">Halbleiterbauelemente. physik und technik der helbleiterwerkstoffe</subfield></datafield><datafield ind1=" " ind2=" " tag="260"><subfield code="a">Berlin, Akademie-verlag, 1964. Xx + 390 P</subfield></datafield><datafield ind1=" " ind2=" " tag="852"><subfield code="a">21840</subfield></datafield></record></collection>